@book{主参考书,
    author      = "艾伦 and 霍尔伯格",
    translator  = "冯军 and 李智群",
    title       = "CMOS模拟集成电路设计",
    edition     = 3,
    year        = 2023,
    isbn        = "978-7-121-45212-3",
    publisher   = "电子工业出版社",
    address     = "北京"
}